<?xml version="1.0" encoding="UTF-8"?>
<record xmlns="http://www.loc.gov/MARC21/slim">
   <leader>01459cam a2200337 i 4500</leader>
   <controlfield tag="001">458167</controlfield>
   <controlfield tag="003">NjP</controlfield>
   <controlfield tag="005">20190705140737.0</controlfield>
   <controlfield tag="008">880728s1960    iq af        f000 0 arard</controlfield>
   <datafield tag="024" ind1="7" ind2=" ">
      <subfield code="a">princeton_aco003919</subfield>
      <subfield code="2">local</subfield>
   </datafield>
   <datafield ind1=" " ind2=" " tag="010">
      <subfield code="a">   75973164 </subfield>
   </datafield>
   <datafield ind1=" " ind2=" " tag="040">
      <subfield code="a">PUL</subfield>
      <subfield code="c">PUL</subfield>
      <subfield code="d">PUL</subfield>
   </datafield>
   <datafield ind1=" " ind2=" " tag="035">
      <subfield code="a">(CStRLIN)NJPG88-B37994</subfield>
   </datafield>
   <datafield ind1=" " ind2=" " tag="035">
      <subfield code="9">ACD3817TS</subfield>
   </datafield>
   <datafield ind1=" " ind2=" " tag="035">
      <subfield code="a">(NjP)458167</subfield>
   </datafield>
   <datafield ind1=" " ind2=" " tag="043">
      <subfield code="a">a-iq---</subfield>
   </datafield>
   <datafield ind1=" " ind2=" " tag="050">
      <subfield code="a">HD951.I7</subfield>
      <subfield code="b">I72 1960</subfield>
   </datafield>
   <datafield ind1=" " ind2=" " tag="049">
      <subfield code="a">PULL</subfield>
   </datafield>
   <datafield ind1=" " ind2=" " tag="035">
      <subfield code="a">(OCoLC)ocm79983425</subfield>
   </datafield>
   <datafield ind1="1" ind2=" " tag="110">
      <subfield code="6">880-01</subfield>
      <subfield code="a">Iraq.</subfield>
      <subfield code="b">Wizārat al-Iṣlāḥ al-Zirāʻī.</subfield>
      <subfield code="b">Mudīrīyat al-Tawjīh wa-al-Nashr.</subfield>
   </datafield>
   <datafield ind1="1" ind2="3" tag="245">
      <subfield code="6">880-02</subfield>
      <subfield code="a">al-Iṣlāḥ al-zirāʻī fī jumhūrīyatinā al-khālidah /</subfield>
      <subfield code="c">Mudīrīyat al-Nashr wa-al-Tawjīh fī Wizārat al-Iṣlāḥ al-Zirāʻī.</subfield>
   </datafield>
   <datafield ind1=" " ind2=" " tag="260">
      <subfield code="6">880-03</subfield>
      <subfield code="a">[Baghdād] :</subfield>
      <subfield code="b">al-Mudīrīyah,</subfield>
      <subfield code="c">[1960?]</subfield>
   </datafield>
   <datafield ind1=" " ind2=" " tag="300">
      <subfield code="a">31 p., [2] fold. leaves of plates :</subfield>
      <subfield code="b">ill. ;</subfield>
      <subfield code="c">22 cm.</subfield>
   </datafield>
   <datafield ind1=" " ind2="0" tag="650">
      <subfield code="a">Land tenure</subfield>
      <subfield code="z">Iraq.</subfield>
   </datafield>
   <datafield ind1="1" ind2=" " tag="880">
      <subfield code="6">110-01/r</subfield>
      <subfield code="a">عراق.</subfield>
      <subfield code="b">وزارة الاصلاح الزراعي.</subfield>
      <subfield code="b">مديرية التوجيه والنشر.</subfield>
   </datafield>
   <datafield ind1="1" ind2="2" tag="880">
      <subfield code="6">245-02/r</subfield>
      <subfield code="a">الاصلاح الزراعي في جمهوريتنا الخالدة /</subfield>
      <subfield code="c">مديرية النشر والتوجيه في وزارة الاصلاح الزراعي.</subfield>
   </datafield>
   <datafield ind1=" " ind2=" " tag="880">
      <subfield code="6">260-03/r</subfield>
      <subfield code="a">[بغداد] :</subfield>
      <subfield code="b">المديرية،</subfield>
      <subfield code="c">[1960؟]</subfield>
   </datafield>
   <datafield ind1=" " ind2=" " tag="998">
      <subfield code="a">08/19/88</subfield>
      <subfield code="s">9114</subfield>
      <subfield code="n">NjP</subfield>
      <subfield code="w">NJPG88B37994</subfield>
      <subfield code="d">07/28/88</subfield>
      <subfield code="c">KVV</subfield>
      <subfield code="b">XXX</subfield>
      <subfield code="i">880819</subfield>
      <subfield code="l">NJPG</subfield>
   </datafield>
   <datafield ind1=" " ind2=" " tag="911">
      <subfield code="a">19921028</subfield>
   </datafield>
   <datafield ind1=" " ind2=" " tag="912">
      <subfield code="a">19900828000000.0</subfield>
   </datafield>
   <datafield ind1=" " ind2=" " tag="994">
      <subfield code="a">C0</subfield>
      <subfield code="b">PUL</subfield>
   </datafield>
   <datafield ind1=" " ind2=" " tag="999">
      <subfield code="a">458167</subfield>
   </datafield>
   <datafield ind1=" " ind2=" " tag="979">
      <subfield code="a">(OCoLC)ocn175399609</subfield>
   </datafield>
   <datafield ind1="0" ind2="0" tag="852">
      <subfield code="0">498457</subfield>
      <subfield code="b">rcppa</subfield>
      <subfield code="t">1</subfield>
      <subfield code="h">HD951.I7</subfield>
      <subfield code="i">I72 1960</subfield>
      <subfield code="x">tr fr arab</subfield>
   </datafield>
   <datafield ind1=" " ind2=" " tag="959">
      <subfield code="a">2000-06-13 00:00:00 -0400</subfield>
   </datafield>
</record>
